@online{social-media-users,
    heading="We Are Social",
    title="DIGITAL 2022: ANOTHER YEAR OF BUMPER GROWTH",
    url="https://wearesocial.com/uk/blog/2022/01/digital-2022-another-year-of-bumper-growth-2",
    urldate={2024-03-30},
}

@online{vnut-turism,
    heading="Ведомости",
    title="Внутренний туризм в России за год увеличился до рекордных 75 млн поездок",
    url="https://www.vedomosti.ru/society/articles/2024/01/22/1016071-vnutrennii-turizm-v-rf-za-god-uvelichilsya",
    urldate={2024-03-30},
}

@online{mobile-vs-desktop-usage,
    heading="Smart Insights and Marketing Land",
    title="80\% of social media browsing is on mobile devices",
    url="https://techjury.net/blog/mobile-vs-desktop-usage",
    urldate={2024-03-30},
}

@online{what-are-pwas,
    author="Pete LePage and Sam Richard",
    title="What are Progressive Web Apps? ",
    url="https://web.dev/articles/what-are-pwas",
    urldate={2024-03-30},
}

@online{tiktok-growth,
    heading="Statista Advertising and Media Outlook",
    title="The Rapid Rise of TikTok",
    url="https://www.statista.com/chart/28412/social-media-users-by-network-amo/",
    urldate={2024-04-01},
}

@online{svelte-ecosystem,
    heading="roguegpu",
    title="SvelteJS: My ecosystem is bigger than yours",
    url="https://hackmd.io/@roguegpu/r1RKQMdt3",
    urldate={2024-04-01},
}
